<?xml version="1.0" encoding="UTF-8"?>
<collection xmlns:xsi="http://www.w3.org/2001/XMLSchema-instance" xsi:schemaLocation="http://www.loc.gov/MARC21/slim http://www.loc.gov/standards/marcxml/schema/MARC21slim.xsd" xmlns="http://www.loc.gov/MARC21/slim">
<record>
  <leader>00793cam a2200217 a 4500</leader>
  <controlfield tag="001">3076365</controlfield>
  <controlfield tag="003">NNC</controlfield>
  <controlfield tag="005">20130426015727.0</controlfield>
  <controlfield tag="008">970123s1910    le            000 0 ara d</controlfield>
  <datafield tag="035" ind1=" " ind2=" ">
    <subfield code="a">(OCoLC)ocm36249841</subfield>
  </datafield>
  <datafield tag="035" ind1=" " ind2=" ">
    <subfield code="9">ATP9960CU</subfield>
  </datafield>
  <datafield tag="035" ind1=" " ind2=" ">
    <subfield code="a">(NNC)3076365</subfield>
  </datafield>
  <datafield tag="040" ind1=" " ind2=" ">
    <subfield code="a">OSU</subfield>
    <subfield code="c">OSU</subfield>
    <subfield code="d">ZCU</subfield>
  </datafield>
  <datafield tag="099" ind1=" " ind2=" ">
    <subfield code="a">893.7K84</subfield>
    <subfield code="a">DI94</subfield>
  </datafield>
  <datafield tag="100" ind1="0" ind2=" ">
    <subfield code="a">Ibn al-ʻArabī,</subfield>
    <subfield code="d">1165-1240.</subfield>
  </datafield>
  <datafield tag="245" ind1="1" ind2="0">
    <subfield code="a">Kitāb radd maʻānī al-āyāt al-mutashābihāt ilʹa maʻānī al-āyāt al-muḥkamāt /</subfield>
    <subfield code="c">taʾlīf Muḥī al-Dīn Ibn al-ʻArabī al-Ṭāʾī al-Ḥatimī al-Andalusī.</subfield>
  </datafield>
  <datafield tag="260" ind1=" " ind2=" ">
    <subfield code="a">Bayrūt :</subfield>
    <subfield code="b">Nādī al-Kutub al-ʻArabīyah,</subfield>
    <subfield code="c">1328 [1907?]</subfield>
  </datafield>
  <datafield tag="300" ind1=" " ind2=" ">
    <subfield code="a">60 p. ;</subfield>
    <subfield code="c">21 cm.</subfield>
  </datafield>
  <datafield tag="630" ind1="0" ind2="0">
    <subfield code="a">Qurʼan</subfield>
    <subfield code="x">Criticism, interpretation, etc.</subfield>
  </datafield>
  <datafield tag="700" ind1="0" ind2="2">
    <subfield code="a">Ibn al-ʻArabī,</subfield>
    <subfield code="d">1165-1240.</subfield>
  </datafield>
  <datafield tag="955" ind1=" " ind2=" ">
    <subfield code="b">CU58886591</subfield>
    <subfield code="d">off,glx</subfield>
    <subfield code="e">893.7K84 DI94</subfield>
  </datafield>
</record>
</collection>